@Manual{KohmMorawski2012,
  title =        {KOMA-Script},
  author =       {Kohm, Markus and Morawski, Jens-Uwe},
  year =         2012,
}

@Book{KohmMorawski2012b,
  author =       {Kohm, Markus and Morawski, Jens-Uwe},
  title =        {KOMA-Script},
  publisher =    {Verlag:Lehmanns},
  year =         2012,
  address =      {Berlin},
  edition =      {4. Auflage},
}

@Manual{Tantau2007,
  title =        {The TikZ and PGF Packages. Manual for version 2.00},
  key =          {tikz},
  author =       {Tantau, Till},
  address =      {Lübeck},
  month =        feb,
  year =         2008,
  url =          {http://sourceforge.net/projects/pgf},
}

@Manual{l2short,
  title =        {The Not So Short Introduction to LATEX2e},
  author =       {Tobias Oetiker and Hubert Partl and Irene Hyna and
                  Elisabeth Schlegl},
  year =         2011,
  url =          {http://tobi.oetiker.ch/lshort/lshort.pdf},
}

@Manual{l2tabu,
  title =        {Das LATEX 2e-Sündenregister},
  author =       {Marc Ensenbach and Mark Trettin},
  year =         2011,
  url =
                  {http://mirror.ctan.org/info/l2tabu/german/l2tabu.pdf},
}

@Manual{listings,
  title =        {The Listings Package},
  author =       {Carsten Heinz and Brooks Moses},
  year =         2007,
  url =
                  {http://mirrors.ctan.org/macros/latex/contrib/listings/listings.pdf},
}

@Manual{ntheorem,
  title =        {An Extension of the LATEX-Theorem Evironment},
  author =       {Wolfgang May and Andreas Schedler},
  year =         2011,
  url = {http://mirrors.ctan.org/macros/latex/contrib/ntheorem/ntheorem.pdf},
}

@Manual{fixme,
  title =        {FiXme – Collaborative annotation tool for LATEX},
  author =       {Didier Verna},
  year =         2009,
  url = {http://mirror.ctan.org/macros/latex/contrib/fixme/fixme.pdf},
}


@Book{vanDongen2012,
  author =       {Marc R. C. van Dongeren},
  title =        {LaTeX and Friends},
  publisher =    {Springer},
  year =         2012
}

@article{Ford-Fulkerson_algo,
    author = {Ford, L. R. and Fulkerson, D. R.},
    citeulike-article-id = {5447141},
    citeulike-linkout-0 = {http://www.rand.org/pubs/papers/P605/},
    journal = {Canadian Journal of Mathematics},
    keywords = {maximal\_flow, networks},
    pages = {399--404},
    posted-at = {2009-12-30 16:52:05},
    priority = {2},
    year = {1956},
    title = {{Maximal Flow through a Network.}},
    url = {http://www.rand.org/pubs/papers/P605/},
    volume = {8}
}

@article{cycle_canceling,
author = {Morton Klein},
title = {A Primal Method for Minimal Cost Flows with Applications to the Assignment and Transportation Problems},
journal = {Management Science},
volume = {14},
number = {3},
pages = {205-220},
year = {1967},
doi = {10.1287/mnsc.14.3.205},

URL = { 
        http://dx.doi.org/10.1287/mnsc.14.3.205
    
},
eprint = { 
        http://dx.doi.org/10.1287/mnsc.14.3.205
    
}
,
    abstract = { A simple procedure is given for solving minimal cost flow problems in which feasible flows are maintained throughout. It specializes to give primal algorithms for the assignment and transportation problems. Convex cost problems can also be handled. }
}



@article{min_mean_cycle_canceling,
 author = {Goldberg, Andrew V. and Tarjan, Robert E.},
 title = {Finding Minimum-cost Circulations by Canceling Negative Cycles},
 journal = {J. ACM},
 issue_date = {Oct. 1989},
 volume = {36},
 number = {4},
 month = oct,
 year = {1989},
 issn = {0004-5411},
 pages = {873--886},
 numpages = {14},
 url = {http://doi.acm.org/10.1145/76359.76368},
 doi = {10.1145/76359.76368},
 acmid = {76368},
 publisher = {ACM},
 address = {New York, NY, USA},
} 

@misc{ wiki:fluesse,
   author = "Wikipedia",
   title = "Flüsse und Schnitte in Netzwerken",
   year = "2016",
   url = "\url{https://de.wikipedia.org/wiki/Fl%C3%BCsse_und_Schnitte_in_Netzwerken}",
   note = "Online; accessed 29-September-2016"
 }

 @article{Edmonds_karp,
 author = {Edmonds, Jack and Karp, Richard M.},
 title = {Theoretical Improvements in Algorithmic Efficiency for Network Flow Problems},
 journal = {J. ACM},
 issue_date = {April 1972},
 volume = {19},
 number = {2},
 month = apr,
 year = {1972},
 issn = {0004-5411},
 pages = {248--264},
 numpages = {17},
 url = {http://doi.acm.org/10.1145/321694.321699},
 doi = {10.1145/321694.321699},
 acmid = {321699},
 publisher = {ACM},
 address = {New York, NY, USA},
} 

@article{dinic70,
    author = {Dinic, E. A.},
    citeulike-article-id = {4136464},
    citeulike-linkout-0 = {http://www.cs.bgu.ac.il/\~{}dinitz/D70.pdf},
    journal = {Soviet Math Doklady},
    keywords = {maxflow-mincut},
    pages = {1277--1280},
    posted-at = {2009-03-05 17:03:02},
    priority = {0},
    title = {{A}lgorithm for {S}olution of a {P}roblem of {M}aximum {F}low in a {N}etwork with {P}ower {E}stimation},
    url = {http://www.cs.bgu.ac.il/\~{}dinitz/D70.pdf},
    volume = {11},
    year = {1970}
}


@incollection{Dinic,
 author = {Dinitz, Yefim},
 chapter = {Dinitz' Algorithm: The Original Version and Even's Version},
 title = {Theoretical Computer Science},
 editor = {Goldreich, Oded and Rosenberg, Arnold L. and Selman, Alan L.},
 year = {2006},
 isbn = {3-540-32880-7, 978-3-540-32880-3},
 pages = {218--240},
 numpages = {23},
 url = {http://dl.acm.org/citation.cfm?id=2168303.2168313},
 acmid = {2168313},
 publisher = {Springer-Verlag},
 address = {Berlin, Heidelberg},
} 

